<?xml version="1.0" encoding="UTF-8"?><collection xmlns="http://www.loc.gov/MARC21/slim"><record><leader>00484nam--2200193-u-4500</leader><controlfield tag="001">000052633</controlfield><controlfield tag="002">20161230</controlfield><controlfield tag="005">20161230201050</controlfield><controlfield tag="008">100929s1000------------r-----000-0-rus-d</controlfield><datafield ind1=" " ind2=" " tag="040"><subfield code="a">IFIN-HH</subfield></datafield><datafield ind1=" " ind2=" " tag="041"><subfield code="a">rus</subfield></datafield><datafield ind1=" " ind2=" " tag="080"><subfield code="a">533.9:621.375.826</subfield></datafield><datafield ind1="1" ind2=" " tag="100"><subfield code="a">Gudzenko, L.I</subfield></datafield><datafield ind1="1" ind2="0" tag="245"><subfield code="a">Plazmennie lazeri</subfield><subfield code="c">L.I. Gudzenko, S.I. Iakovlenko</subfield></datafield><datafield ind1=" " ind2=" " tag="260"><subfield code="a">Moskva</subfield><subfield code="b">Atomizdat</subfield><subfield code="c">1978</subfield></datafield><datafield ind1=" " ind2=" " tag="300"><subfield code="a">219 p</subfield></datafield><datafield ind1="1" ind2=" " tag="700"><subfield code="a">Iakovlenko, S.I</subfield></datafield><datafield ind1=" " ind2=" " tag="852"><subfield code="a">46759</subfield><subfield code="c">533.9</subfield></datafield><datafield ind1=" " ind2=" " tag="CAT"><subfield code="a">Sys</subfield><subfield code="c">20100929</subfield><subfield code="h">092258</subfield></datafield></record></collection>